<record><leader>00000cas a22000007a 4500</leader><controlfield tag="001">10038941</controlfield><controlfield tag="008">831020d189319uuohudr ne      0    0eng d</controlfield><datafield ind1=" " ind2=" " tag="010"><subfield code="a">sn 83035569 </subfield></datafield><datafield ind1=" " ind2=" " tag="040"><subfield code="a">NPY</subfield><subfield code="b">eng</subfield><subfield code="c">NPY</subfield><subfield code="d">ONP</subfield><subfield code="d">OCLCQ</subfield></datafield><datafield ind1=" " ind2=" " tag="042"><subfield code="a">msc</subfield></datafield><datafield ind1="0" ind2=" " tag="130"><subfield code="a">Daily advocate (Greenville, Ohio : 1893)</subfield></datafield><datafield ind1="1" ind2="0" tag="245"><subfield code="a">Daily advocate.</subfield></datafield><datafield ind1=" " ind2=" " tag="260"><subfield code="a">Greenville, Ohio :</subfield><subfield code="b">W.A. Browne</subfield></datafield><datafield ind1=" " ind2=" " tag="300"><subfield code="a">v. :</subfield><subfield code="b">ill. (chiefly advertisements) ;</subfield><subfield code="c">57 cm.</subfield></datafield><datafield ind1=" " ind2=" " tag="310"><subfield code="a">Daily</subfield></datafield><datafield ind1="1" ind2=" " tag="362"><subfield code="a">Began with Jan. 3, 1893 issue?</subfield></datafield><datafield ind1=" " ind2=" " tag="580"><subfield code="a">Weekly eds.: Darke County Democratic advocate, 1893-1894; and Democratic advocate (Greenville, Ohio), 1894-19uu.</subfield></datafield><datafield ind1=" " ind2=" " tag="588"><subfield code="a">Description based on: Vol. 1, no. 306 (Dec. 20, 1894).</subfield></datafield><datafield ind1=" " ind2=" " tag="752"><subfield code="a">United States</subfield><subfield code="b">Ohio</subfield><subfield code="c">Darke</subfield><subfield code="d">Greenville.</subfield></datafield><datafield ind1="1" ind2=" " tag="775"><subfield code="t">Darke County Democratic advocate</subfield><subfield code="w">(DLC)sn 87076985</subfield></datafield><datafield ind1="1" ind2=" " tag="775"><subfield code="t">Democratic advocate (Greenville, Ohio)</subfield><subfield code="w">(DLC)sn 87076986</subfield></datafield><datafield ind1="0" ind2="0" tag="785"><subfield code="t">Greenville daily advocate (Greenville, Ohio : 1909)</subfield><subfield code="w">(DLC)sn 87076987</subfield></datafield></record>